% This file was created with Citavi 6.1.0.0
@book{test,
  title={Service-Oriented Architecture: Concepts, Technology, And Design},
  author={Erl, T.},
  isbn={9788131714904},
  url={https://books.google.de/books?id=Hui-wUq\_QpQC},
  year={2005},
  publisher={Pearson Education}
}
